<?xml version="1.0" encoding="utf-8"?>
<record xmlns="http://www.loc.gov/MARC21/slim" xmlns:xsi="http://www.w3.org/2001/XMLSchema-instance" xsi:schemaLocation="http://www.loc.gov/MARC21/slim http://www.loc.gov/standards/marcxml/schema/MARC21slim.xsd">
	<leader>     nam a22     Mi 4500</leader>
	<controlfield tag="001">a21463</controlfield>
	<controlfield tag="003">aeadna</controlfield>
	<controlfield tag="006">m        d        </controlfield>
	<controlfield tag="007">cr cn |||m|||a</controlfield>
	<controlfield tag="008">220524q1935||||jo    ofo    a001 0|ara|d</controlfield>
	<datafield ind1=" " ind2=" " tag="040">
		<subfield code="a">ZYU</subfield>
		<subfield code="b">ara</subfield>
		<subfield code="c">ZYU</subfield>
	</datafield>
	<datafield ind1="1" ind2=" " tag="041">
		<subfield code="a">ara</subfield>
		<subfield code="h">eng</subfield>
	</datafield>
	<datafield ind1=" " ind2=" " tag="043">
		<subfield code="a">a-jo---</subfield>
	</datafield>
	<datafield ind1=" " ind2="4" tag="050">
		<subfield code="a">DS153</subfield>
		<subfield code="b">.P412 1935z</subfield>
	</datafield>
	<datafield ind1="1" ind2=" " tag="100">
		<subfield code="6">880-01</subfield>
		<subfield code="a"/>
		<subfield code="a">بيك، فردريك ج.،</subfield>
		<subfield code="d">1886-1970</subfield>
	</datafield>
	<datafield ind1="1" ind2="2" tag="240">
		<subfield code="a">A history of Jordan and its tribes.</subfield>
		<subfield code="l">Arabic</subfield>
	</datafield>
	<datafield ind1="1" ind2="0" tag="245">
		<subfield code="a">تاريخ شرقي الأردن وقبائلها</subfield>
		<subfield code="h">[electronic resource] /</subfield>
		<subfield code="c">تأليف فردريك ج. بيك؛ تعريب بهاء الدين طوقان</subfield>
	</datafield>
	<datafield ind1=" " ind2=" " tag="260">
		<subfield code="a">عماّن:</subfield>
		<subfield code="b">الدار العربية للتوزيع والنشر،[مقدمة المترجم، [1935zم]] </subfield>
		<subfield code="c"/>
	</datafield>
	<datafield ind1=" " ind2=" " tag="300">
		<subfield code="a">online resource (ن، 462ص.:) :</subfield>
		<subfield code="b">صور؛</subfield>
	</datafield>
	<datafield ind1=" " ind2=" " tag="500">
		<subfield code="a"> هذه النسخة تصوير فوتوستاتي .</subfield>
	</datafield>
	<datafield ind1=" " ind2=" " tag="500">
		<subfield code="a">اللفتانت كولونيل (الفريق) فريدريك بيك باشا  كان قائدا إنجليزيا للجيش الأردني وقائدا للشرطة وكانت تعرف وقتها بالدرك  ،  ألف كتابه الذي بين أيدينا تاريخ شرق الأردن في عام ١٩٣٤ وأهداه إلى الأمير عبد الله بن طلال أمير شرقي الأردن وقتها. ويقع الكتاب في جزئين الأول متعلق بتاريخ شرق الأردن. والثاني متعلق بقبائل شرق الأردن .</subfield>
	</datafield>
	<datafield ind1=" " ind2=" " tag="500">
		<subfield code="a">سنة النشر مأخوذة من كلمة المعرب بهاء الدين طوقان صفحة (ط) غرة ذي الحجة عام 1353هـ الموافق لشهر آذار عام 1935.</subfield>
	</datafield>
	<datafield ind1=" " ind2=" " tag="500">
		<subfield code="a">Part of the Arabic Collections Online (ACO) project, contributed by United Arab Emirates National Archives.</subfield>
	</datafield>
	<datafield ind1=" " ind2=" " tag="504">
		<subfield code="a">ببليوجرافيا: ص (ك-ل)</subfield>
	</datafield>
	<datafield ind1=" " ind2=" " tag="520">
		<subfield code="a">يسرد الكتاب أول تاريخ شامل عن منطقة شرقي الأردن وقبائلها، ويقول: &quot; ليس معروفاً يقيناً من هم سكان شرقي الأردن في عصور ما قبل التاريخ، ولكن ما لا جدال فيه أن الساميين قد غزوا هذه البلاد واستوطنوها منذ عصور قديمة جداً، ومن المسلم به أيضاً أن جزيرة العرب كانت وطن الأمم السامية القديمة ومنها هاجروا لضيق الأرض بهم، أو حباً بالفتوح والتوسع إلى العراق وسوريا وشرقي الأردن وفلسطين، بل قد يكون إلى مصر أيضاً. تقول الأساطير أن بعض أماكن من بلاد شرقي الأردن كان يسكنها العمالقة (الرفائيون)، ويقال أن (عوج ملك شان) كان من بقايا هؤلاء العمالقة، وأن سريره الحديد في (ربة عمون) كان طوله أربعة عشر قدماً وعرضه ستة أقدام. وكان يقطنها أيضاً أقوام يدعون بالآميين والعناقيين والزمزيين، هم أيضاً فيما من العمالقة. لا تشير المراجع العربية إلى هؤلاء العمالقة ولكن ورد فيها أن سكان شرقي الأردن عرب منذ القديم. ومهما يكن من قول، فإن ما يذكر وما يقال هو إنما خبط عشواء في ضبط تاريخ شرقي الأردن قبل عام 1200 ق.م. لكن الوثائق والمعالم التاريخية، الموجودة في باطن الأرض وتحت الأنقاض وفي الخرائب التي تغطي سطح هذه البلاد تقريباً بإمكانها التعريف بتاريخ تلك المنطقة، وبهوية الذين أقاموا عليها في فترات متفرقة. &quot; جهد المؤلف أن يجمع بين طياته كل ما وقع بين يديه من مصادر ومراجع وروايات شفهية ليكوّن مادته التاريخية الموثقة في هذا الكتاب.</subfield>
	</datafield>
	<datafield ind1=" " ind2=" " tag="533">
		<subfield code="a">Electronic reproduction.</subfield>
		<subfield code="b">New York, N.Y. :</subfield>
		<subfield code="c">New York University,</subfield>
		<subfield code="d">2022.</subfield>
		<subfield code="5">NNU</subfield>
	</datafield>
	<datafield ind1=" " ind2="4" tag="650">
		<subfield code="a">القبائل</subfield>
		<subfield code="z">الأردن</subfield>
	</datafield>
	<datafield ind1=" " ind2="4" tag="650">
		<subfield code="a">المجتمعات القبلية</subfield>
		<subfield code="z">الأردن</subfield>
	</datafield>
	<datafield ind1=" " ind2="4" tag="650">
		<subfield code="a">المجتمعات البدائية</subfield>
		<subfield code="z">الأردن</subfield>
	</datafield>
	<datafield ind1=" " ind2="4" tag="650">
		<subfield code="a">الأجناس، علم</subfield>
		<subfield code="z">الأردن</subfield>
	</datafield>
	<datafield ind1=" " ind2="4" tag="650">
		<subfield code="a">الأنثروبولوجيا</subfield>
		<subfield code="z">الأردن</subfield>
	</datafield>
	<datafield ind1=" " ind2="4" tag="651">
		<subfield code="a">الأردن</subfield>
		<subfield code="x">الأنساب</subfield>
	</datafield>
	<datafield ind1=" " ind2="4" tag="651">
		<subfield code="a">الأردن</subfield>
		<subfield code="x">تاريخ</subfield>
	</datafield>
	<datafield ind1="1" ind2=" " tag="700">
		<subfield code="a">طوقان، بهاء الدين،</subfield>
		<subfield code="e">مترجم</subfield>
	</datafield>
	<datafield ind1="1" ind2=" " tag="700">
		<subfield code="a">Peake, Frederick Gerard,</subfield>
		<subfield code="d">1886-1970</subfield>
	</datafield>
	<datafield ind1="2" ind2=" " tag="710">
		<subfield code="a">Abu Dhabi (United Arab Emirates).</subfield>
		<subfield code="b">National Archives.</subfield>
	</datafield>
	<datafield ind1="0" ind2=" " tag="730">
		<subfield code="a">Arabic Collections Online.</subfield>
	</datafield>
	<datafield ind1="0" ind2="8" tag="776">
		<subfield code="i">Print version:</subfield>
		<subfield code="a"> بيك، فردريك ج.، 1886-1970</subfield>
		<subfield code="t">تاريخ شرقي الأردن وقبائلها</subfield>
		<subfield code="w">(aeadna)a21463</subfield>
	</datafield>
	<datafield ind1="4" ind2="0" tag="856">
		<subfield code="u">http://hdl.handle.net/2333.1/9zw3rcxx</subfield>
	</datafield>
	<datafield ind1="1" ind2=" " tag="880">
		<subfield code="6">100-01</subfield>
		<subfield code="a">Peake, Frederick Gerard, </subfield>
		<subfield code="d">1886-</subfield>
	</datafield>
	<datafield ind1=" " ind2=" " tag="949">
		<subfield code="a">DS153 .P4 1935</subfield>
		<subfield code="w">DDC</subfield>
		<subfield code="i">30018000036413</subfield>
		<subfield code="u">10/25/2009</subfield>
		<subfield code="d">09/06/2010</subfield>
		<subfield code="n">0</subfield>
		<subfield code="t">RAR</subfield>
		<subfield code="l">av</subfield>
		<subfield code="m">MAIN</subfield>
		<subfield code="x">RAR</subfield>
	</datafield>
	<datafield ind1=" " ind2=" " tag="959">
		<subfield code="a">NNU</subfield>
		<subfield code="b">WEB</subfield>
		<subfield code="c">GENI</subfield>
		<subfield code="t">0</subfield>
		<subfield code="m">Electronic access</subfield>
		<subfield code="s">01</subfield>
	</datafield>
	<datafield ind1=" " ind2=" " tag="999">
		<subfield code="i">aeadna_a21463</subfield>
		<subfield code="s">uaena_aco000109:1</subfield>
		<subfield code="e">(ERROR-880)(ERROR-MISC)</subfield>
	</datafield>
</record>
